%*******************************************************************************
% Referencer
%*******************************************************************************
% Se følgende links for eksempler for hvordan opbygning skal være:
% https://da.sharelatex.com/learn/Bibliography_management_with_bibtex#The_bibliography_file
% https://en.wikibooks.org/wiki/LaTeX/Bibliography_Management#BibTeX
%-------------------------------------------------------------------------------

% Eksempel for online link
@online{mountaingoat_user_story_template,
    author = "Mike Cohn",
    title = "{Advantages of the ''As a user, I want'' user story template}",
    url = "https://www.mountaingoatsoftware.com/blog/advantages-of-the-as-a-user-i-want-user-story-template",
	urldate = "2018-02-25",
	year = "2018"
}

@online{Arrange-Act-Assert,
    author = "Unit Test",
    title = "{Details about unit test}",
    url = "https://medium.com/@pjbgf/title-testing-code-ocd-and-the-aaa-pattern-df453975ab80",
	urldate = "2019-12-18",
    year = "2019"
}

@online{converge-terms,
    author = "Converge-team",
    title = "{Converge team list of terms}",
    url = "https://app.gitbook.com/@converge-1/s/workspace/~/drafts/-LvUbzeDz_DC__VMOkRX/document/terms",
    urldate = "2019-12-18",
    year = "2019"
}

@online{documentation-kravspec,
    author = "kravspec",
    title = "{Details about personnel}",
    url = "https://github.com/converge-app/requirements-specification/tree/master/Sektioner",
    urldate = "2019-12-18",
    year = "2019"
}

@online{issue-statement,
    author = "Issuestatement",
    title = "{Details about issue-statement}",
    url = "https://github.com/converge-app/issue-statement/tree/master/Sektioner",
    urldate = "2019-12-18",
    year = "2019"
}

@online{Team-Meetings,
    author = "Meetings",
    title = "{Details about mettings}",
    url = "https://app.gitbook.com/@converge-1/s/workspace/~/drafts/-LvUbzeDz_DC__VMOkRX/schedule/meetings",
    urldate = "2019-12-18",
    year = "2019"
}

@online{application-development-dokumentation,
    author = "tools",
    title = "{Details about development environment}",
    url = "https://github.com/converge-app/development-environment/blob/master/Sektioner/01_introduction.tex",
    urldate = "2019-12-18",
    year = "2019"
}

@online{software-architecture ,
    author = "Architecture",
    title = "{Details about web server architecture}",
    url = "https://github.com/converge-app/software-architecture/tree/master/Sektioner",
    urldate = "2019-12-18",
    year = "2019"
}

@online{software-design ,
    author = "Design",
    title = "{Details about software design }",
    url = "https://github.com/converge-app/software-design/tree/master/Sektioner",
    urldate = "2019-12-18",
    year = "2019"
}

@online{system-interface ,
    author = "interface",
    title = "{Details about Converge SPA interface }",
    url = "https://github.com/converge-app/system-interface/blob/master/Sektioner/system-interfaces.tex",
    urldate = "2019-12-18",
    year = "2019"
}

@online{Accepttest ,
    author = "Accepttest",
    title = "{Details about Accepttest}",
    url = "https://github.com/converge-app/accepttestspecification/tree/master/Sektioner",
    urldate = "2019-12-18",
    year = "2019"
}

@online{Research ,
    author = "Research",
    title = "{Details about tools that have been used for development}",
    url = "https://github.com/converge-app/research/tree/master/Sektioner",
    urldate = "2019-12-18",
    year = "2019"
}

@online{Flux-pattern ,
    author = "Flux",
    title = "{Details about the pattern}",
    url = "https://www.npmjs.com/package/axios",
    urldate = "2019-12-18",
    year = "2019"
}

@online{Axios ,
    author = "Axios",
    title = "{Details about Axios}",
    url = "https://www.npmjs.com/package/axios",
    urldate = "2019-12-18",
    year = "2019"
}

@online{JSON-Web-Token ,
    author = "JWT",
    title = "{The fundamentals of web Token}",
    url = "https://jwt.io/introduction/",
    urldate = "2019-12-18",
    year = "2019"
}